% Stable Equilibria

@article{AharoniMP90,
  author    = {R. Aharoni and
               E. C. Milner and
               K. Prikry},
  title     = {Unfriendly partitions of a graph},
  journal   = {J. Comb. Theory, Ser. B},
  volume    = {50},
  number    = {1},
  year      = {1990},
  pages     = {1-10},
  ee        = {http://dx.doi.org/10.1016/0095-8956(90)90092-E},
  bibsource = {DBLP, http://dblp.uni-trier.de}
}


@article{BazganTV08,
  author    = {C. Bazgan and
               Z. Tuza and
               D. Vanderpooten},
  title     = {Approximation of satisfactory bisection problems},
  journal   = {J. Comput. Syst. Sci.},
  volume    = {74},
  number    = {5},
  year      = {2008},
  pages     = {875-883},
  ee        = {http://dx.doi.org/10.1016/j.jcss.2007.12.001},
  bibsource = {DBLP, http://dblp.uni-trier.de}
}

@article{BazganTV10,
  author    = {C. Bazgan and
               Z. Tuza and
               D. Vanderpooten},
  title     = {Satisfactory graph partition, variants, and generalizations},
  journal   = {Eur. J. Oper. Res.},
  volume    = {206},
  number    = {2},
  year      = {2010},
  pages     = {271-280},
  ee        = {http://dx.doi.org/10.1016/j.ejor.2009.10.019},
  bibsource = {DBLP, http://dblp.uni-trier.de}
}

@article{BramoulleLGV04,
  author    = {Y. Bramoull{\'e} and
               D. L{\'o}pez-Pintado and
               S. Goyal and
               F. Vega-Redondo},
  title     = {Network formation and anti-coordination games},
  journal   = {Int. J. Game Theory},
  volume    = {33},
  number    = {1},
  year      = {2004},
  pages     = {1-19},
  ee        = {http://dx.doi.org/10.1007/s001820400178},
  bibsource = {DBLP, http://dblp.uni-trier.de}
}

@article{BruhnDGS10,
  author    = {H. Bruhn and
               R. Diestel and
               A. Georgakopoulos and
               P. Spr{\"u}ssel},
  title     = {Every rayless graph has an unfriendly partition},
  journal   = {Combinatorica},
  volume    = {30},
  number    = {5},
  year      = {2010},
  pages     = {521-532},
  ee        = {http://dx.doi.org/10.1007/s00493-010-2590-3},
  bibsource = {DBLP, http://dblp.uni-trier.de}
}


@article{CaoY12a,
  author    = {Z. Cao and
               X. Yang},
  title     = {The Fashion Game: Matching Pennies On Social Networks},
  journal   = {SSRN},
  year      = {2012}
}

@article{CaoY12b,
  author    = {Z. Cao and
               X. Yang},
  title     = {A note on anti-coordination and social interactions},
  journal   = {CoRR},
  volume    = {abs/1201.0410},
  year      = {2012},
  ee        = {http://arxiv.org/abs/1201.0410},
  bibsource = {DBLP, http://dblp.uni-trier.de}
}

@inproceedings{ChaudhuriGJ08,
  author    = {K. Chaudhuri and
               F. C. Graham and
               M. Shoaib Jamall},
  title     = {A Network Coloring Game},
  booktitle = {WINE},
  year      = {2008},
  pages     = {522-530},
  ee        = {http://dx.doi.org/10.1007/978-3-540-92185-1_58},
  bibsource = {DBLP, http://dblp.uni-trier.de}
}

@inproceedings{ElsasserT11,
  author    = {R. Els{\"a}sser and
               T. Tscheuschner},
  title     = {Settling the Complexity of Local Max-Cut (Almost) Completely},
  booktitle = {ICALP (1)},
  year      = {2011},
  pages     = {171-182},
  ee        = {http://dx.doi.org/10.1007/978-3-642-22006-7_15},
  bibsource = {DBLP, http://dblp.uni-trier.de}
}


@inproceedings{EscoffierGM10,
  author    = {B. Escoffier and
               L. Gourv{\`e}s and
               J. Monnot},
  title     = {Strategic Coloring of a Graph},
  booktitle = {CIAC},
  year      = {2010},
  pages     = {155-166},
  ee        = {http://dx.doi.org/10.1007/978-3-642-13073-1_15},
  bibsource = {DBLP, http://dblp.uni-trier.de}
}

@book{GareyJ79,
 author = {Garey, M. R. and Johnson, D. S.},
 title = {Computers and Intractability: A Guide to the Theory of NP-Completeness},
 year = {1979},
 isbn = {0716710447},
 publisher = {W. H. Freeman \& Co.},
 address = {New York, NY, USA},
} 

@article{KearnsSM06,
    author = {M. Kearns and S. Suri and N. Montfort},
    title = {A behavioral study of the coloring problem on human subject networks},
    journal = {Science},
    year = {2006},
    volume = {313},
    pages = {2006}
}

@inproceedings{MonienT10,
  author    = {B. Monien and
               T. Tscheuschner},
  title     = {On the Power of Nodes of Degree Four in the Local Max-Cut
               Problem},
  booktitle = {CIAC},
  year      = {2010},
  pages     = {264-275},
  ee        = {http://dx.doi.org/10.1007/978-3-642-13073-1_24},
  bibsource = {DBLP, http://dblp.uni-trier.de}
}

@inproceedings{NaorS93,
   author = {Naor, M. and Stockmeyer, L.},
   title = {What can be computed locally?},
   booktitle = {STOC '93},
   year = {1993},
   isbn = {0-89791-591-7},
   pages = {184--193},
   numpages = {10},
   url = {http://doi.acm.org/10.1145/167088.167149},
   doi = {10.1145/167088.167149},
   acmid = {167149},
   publisher = {ACM},
} 

@article{ShafiqueD09,
  author    = {K. Shafique and
               R. D. Dutton},
  title     = {Partitioning a graph into alliance free sets},
  journal   = {Discrete Mathematics},
  volume    = {309},
  number    = {10},
  year      = {2009},
  pages     = {3102-3105},
  ee        = {http://dx.doi.org/10.1016/j.disc.2008.08.011},
  bibsource = {DBLP, http://dblp.uni-trier.de}
}

@article{ShelahM90,
  author	= {S. Shelah and E. C. Milner},
  title	= {Graphs with no unfriendly partitions},
  journal	= {A tribute to Paul Erd{\"o}s},
  publisher	= {Cambridge University Press},
  location =	{Cambridge},
  year = 	{1990},
  pages =	{ 373-384}
}

@article{vandenHeuvel98,
 author = {van den Heuvel, J. and Leese, R. A. and Shepherd, M. A.},
 title = {Graph labeling and radio channel assignment},
 journal = {J. Graph Theory},
 issue_date = {December 1998},
 volume = {29},
 number = {4},
 month = dec,
 year = {1998},
 issn = {0364-9024},
 pages = {263--283},
 numpages = {21},
 url = {http://dx.doi.org/10.1002/(SICI)1097-0118(199812)29:4\<\>1.0.CO;2-A},
 doi = {10.1002/(SICI)1097-0118(199812)29:4\<\>1.0.CO;2-A},
 acmid = {1379176},
 publisher = {John Wiley \& Sons, Inc.},
 address = {New York, NY, USA},
} 


@InProceedings{KP99,
  author =       {E. Koutsoupias and C. Papadimitriou},
  title =        {Worst-case equilibria},
  booktitle =    {STACS},
  year =         1999,
  month =        {4--6 } # mar,
  pages =        {404--413},
  address =      {Trier, Germany},
}

@article{RT02,
 author = {Roughgarden, T. and Tardos, \'{E}.},
 title = {How bad is selfish routing?},
 journal = {J. ACM},
 issue_date = {March 2002},
 volume = {49},
 number = {2},
 month = mar,
 year = {2002},
 issn = {0004-5411},
 pages = {236--259},
 numpages = {24},
 url = {http://doi.acm.org/10.1145/506147.506153},
 doi = {10.1145/506147.506153},
 acmid = {506153},
 publisher = {ACM},
 address = {New York, NY, USA},
 keywords = {Braess's Paradox, Nash equilibria, network flow, selfish routing},
} 


@InProceedings{FKKMS02,
  author =       {D. Fotakis and S. Kontogiannis and E. Koutsoupias
                  and M. Mavronicolas and P. Spirakis},
  title =        {The Structure and Complexity of Nash Equilibria
                  for a Selfish Routing Game.},
  booktitle =    {ICALP},
  year =         2002,
  address =      {Malaga, Spain},
  pages =        {123--134},
}

@inproceedings{PS08,
 author = {Panagopoulou, P. N. and Spirakis, P. G.},
 title = {A Game Theoretic Approach for Efficient Graph Coloring},
 booktitle = {ISAAC '08},
 year = {2008},
 isbn = {978-3-540-92181-3},
 pages = {183--195},
 numpages = {13},
} 

@inproceedings{CKPS10,
 author = {Chatzigiannakis, I. and Koninis, C. and Panagopoulou, P. N. and Spirakis, P. G.},
 title = {Distributed game-theoretic vertex coloring},
 booktitle = {OPODIS'10},
 year = {2010},
 isbn = {3-642-17652-6, 978-3-642-17652-4},
 pages = {103--118},
 numpages = {16},
} 

@inproceedings{EGM12,
 author = {Escoffier, B. and Gourv\`{e}s, L. and Monnot, J.},
 title = {Strategic coloring of a graph},
 booktitle = {CIAC'10},
 year = {2010},
 isbn = {3-642-13072-0, 978-3-642-13072-4},
 location = {Rome, Italy},
 pages = {155--166},
 numpages = {12},
 url = {http://dx.doi.org/10.1007/978-3-642-13073-1_15},
 doi = {10.1007/978-3-642-13073-1_15},
 acmid = {2175992},
 publisher = {Springer-Verlag},
 address = {Berlin, Heidelberg},
} 

@article{M96,
title = "Potential Games ",
journal = "Games and Economic Behavior ",
volume = "14",
number = "1",
pages = "124 - 143",
year = "1996",
note = "",
issn = "0899-8256",
doi = "10.1006/game.1996.0044",
url = "http://www.sciencedirect.com/science/article/pii/S0899825696900445",
author = "Dov Monderer and Lloyd S. Shapley"
}

@phdthesis{Hoefer2007,
  author    = {M. Hoefer},
  title     = {Cost sharing and clustering under distributed competition},
  year      = {2007},
  ee        = {http://www.ub.uni-konstanz.de/kops/volltexte/2007/3843/},
  bibsource = {DBLP, http://dblp.uni-trier.de},
  school = {Universit{\"a}t Konstanz, Germany}
}

@INPROCEEDINGS{G09,
    author = {L. Gourv\`{e}s and J. Monnot},
    title = {On strong equilibria in the max cut game},
    booktitle = {In: Proc. of WINE 2009, Springer LNCS},
    year = {2009},
    pages = {608-615}
}

% Resilient Coloring
@InProceedings{KawarabayashiT14,
  author =	{Ken{-}ichi Kawarabayashi and Mikkel Thorup},
  title =	"Coloring 3-colorable graphs with $o(n^{1/5})$ colors",
  booktitle =	{STACS},
  pages =	{458--469},
  ISBN =	{978-3-939897-65-1},
  ISSN =	{1868-8969},
  year =	{2014},
  volume =	{25},
}


@article{AckermanB09,
  author    = {Margareta Ackerman and
               Shai Ben-David},
  title     = {Clusterability: A Theoretical Study},
  journal   = {Journal of Machine Learning Research - Proceedings Track},
  volume    = {5},
  year      = {2009},
  pages     = {1-8},
  ee        = {http://www.jmlr.org/proceedings/papers/v5/ackerman09a.html},
  bibsource = {DBLP, http://dblp.uni-trier.de}
}


@article{BR90,
  author    = {Bonnie Berger and
               John Rompel},
  title     = {A Better Performance Guarantee for Approximate Graph Coloring},
  journal   = {Algorithmica},
  volume    = {5},
  number    = {3},
  year      = {1990},
  pages     = {459-466},
  ee        = {http://dx.doi.org/10.1007/BF01840398},
  bibsource = {DBLP, http://dblp.uni-trier.de}
}

@article{GJ76,
  author    = {Michael R. Garey and
               David S. Johnson},
  title     = {The Complexity of Near-Optimal Graph Coloring},
  journal   = {J. ACM},
  volume    = {23},
  number    = {1},
  year      = {1976},
  pages     = {43-49},
  ee        = {http://doi.acm.org/10.1145/321921.321926},
  bibsource = {DBLP, http://dblp.uni-trier.de}
}

@inproceedings{Johnson74,
   author = {Johnson, David S.},
   title = {Worst Case Behavior of Graph Coloring Algorithms},
   booktitle = {Proc. 5th Southeastern Conf. on Comb., Graph Theory and Comput.}, 
   year = {1974},
   pages = {513-527}
}

@article{Ha93,
  author    = {Magn{\'u}s M. Halld{\'o}rsson},
  title     = {A Still Better Performance Guarantee for Approximate Graph
               Coloring},
  journal   = {Inf. Process. Lett.},
  volume    = {45},
  number    = {1},
  year      = {1993},
  pages     = {19-23},
  ee        = {http://dx.doi.org/10.1016/0020-0190(93)90246-6},
  bibsource = {DBLP, http://dblp.uni-trier.de}
}

@article{Wi83,
  author    = {Avi Wigderson},
  title     = {Improving the Performance Guarantee for Approximate Graph
               Coloring},
  journal   = {J. ACM},
  volume    = {30},
  number    = {4},
  year      = {1983},
  pages     = {729-735},
  ee        = {http://doi.acm.org/10.1145/2157.2158},
  bibsource = {DBLP, http://dblp.uni-trier.de}
}

@article{Dailey80,
   title = "Uniqueness of colorability and colorability of planar 4-regular graphs are NP-complete ",
   journal = "Discrete Mathematics ",
   volume = "30",
   number = "3",
   pages = "289 - 293",
   year = "1980",
   note = "",
   issn = "0012-365X",
   doi = "10.1016/0012-365X(80)90236-8",
   url = "http://www.sciencedirect.com/science/article/pii/0012365X80902368",
   author = "David P. Dailey"
}

@article{GuKh2000,
  author    = {Venkatesan Guruswami and
               Sanjeev Khanna},
  title     = {On the Hardness of 4-Coloring a 3-Colorable Graph},
  journal   = {SIAM J. Discrete Math.},
  volume    = {18},
  number    = {1},
  year      = {2004},
  pages     = {30-40},
  ee        = {http://dx.doi.org/10.1137/S0895480100376794},
  bibsource = {DBLP, http://dblp.uni-trier.de}
}

@article{Zu07,
  author    = {David Zuckerman},
  title     = {Linear Degree Extractors and the Inapproximability of Max
               Clique and Chromatic Number},
  journal   = {Theory of Computing},
  volume    = {3},
  number    = {1},
  year      = {2007},
  pages     = {103-128},
  ee        = {http://dx.doi.org/10.4086/toc.2007.v003a006},
  bibsource = {DBLP, http://dblp.uni-trier.de}
}

@article{Ha99,
   author = {Johan H{\aa}stad},
   title = {Clique is hard to approximate within $n^{1-\varepsilon}$},
   journal = {Acta Mathematica},
   year = {1999},
   volume = {182},
   pages = {105-142},
}

@ARTICLE{Blum94,
  author    = {Avrim Blum},
  title     = {New Approximation Algorithms for Graph Coloring},
  journal   = {J. ACM},
  volume    = {41},
  number    = {3},
  year      = {1994},
  pages     = {470-516},
  ee        = {http://doi.acm.org/10.1145/176584.176586},
  bibsource = {DBLP, http://dblp.uni-trier.de}
}

@article{Huang13,
  author    = {Sangxia Huang},
  title     = {Improved Hardness of Approximating Chromatic Number},
  journal   = {CoRR},
  volume    = {abs/1301.5216},
  year      = {2013},
  ee        = {http://arxiv.org/abs/1301.5216},
  bibsource = {DBLP, http://dblp.uni-trier.de}
}

@INPROCEEDINGS{Khot01, 
  author    = {Subhash Khot},
  title     = {Improved Inaproximability Results for MaxClique, Chromatic
               Number and Approximate Graph Coloring},
  booktitle = {FOCS},
  year      = {2001},
  pages     = {600-609},
  ee        = {http://doi.ieeecomputersociety.org/10.1109/SFCS.2001.959936},
  bibsource = {DBLP, http://dblp.uni-trier.de}
}

@article{Ka98,
  author    = {David R. Karger and
               Rajeev Motwani and
               Madhu Sudan},
  title     = {Approximate Graph Coloring by Semidefinite Programming},
  journal   = {J. ACM},
  volume    = {45},
  number    = {2},
  year      = {1998},
  pages     = {246-265},
  ee        = {http://doi.acm.org/10.1145/274787.274791},
  bibsource = {DBLP, http://dblp.uni-trier.de}
}

@article{Blum97,
  author    = {Avrim Blum and
               David R. Karger},
  title     = {An $\tilde{O}(n^{3/14})$-Coloring Algorithm for 3-Colorable Graphs},
  journal   = {Inf. Process. Lett.},
  volume    = {61},
  number    = {1},
  year      = {1997},
  pages     = {49-53},
  ee        = {http://dx.doi.org/10.1016/S0020-0190(96)00190-1},
  bibsource = {DBLP, http://dblp.uni-trier.de}
}

@inproceedings{Arora06,
  author    = {Sanjeev Arora and
               Eden Chlamtac},
  title     = {New approximation guarantee for chromatic number},
  booktitle = {STOC},
  year      = {2006},
  pages     = {215-224},
  ee        = {http://doi.acm.org/10.1145/1132516.1132548},
  bibsource = {DBLP, http://dblp.uni-trier.de}
}

@phdthesis{Chl09,
 author = {Chlamtac, Eden},
 advisor = {Arora, Sanjeev},
 title = {Non-local analysis of SDP-based approximation algorithms},
 year = {2009},
 isbn = {978-0-549-93261-1},
 note = {AAI3338674},
 publisher = {Princeton University},
 address = {Princeton, NJ, USA},
 school= {Princeton University}
} 

@inproceedings{Arora11,
  author    = {Sanjeev Arora and
               Rong Ge},
  title     = {New Tools for Graph Coloring},
  booktitle = {APPROX-RANDOM},
  year      = {2011},
  pages     = {1-12},
  ee        = {http://dx.doi.org/10.1007/978-3-642-22935-0_1},
  bibsource = {DBLP, http://dblp.uni-trier.de}
}

@article{KLS00, 
  author    = {Sanjeev Khanna and
               Nathan Linial and
               Shmuel Safra},
  title     = {On the Hardness of Approximating the Chromatic Number},
  journal   = {Combinatorica},
  volume    = {20},
  number    = {3},
  year      = {2000},
  pages     = {393-415},
  ee        = {http://dx.doi.org/10.1007/s004930070013},
  bibsource = {DBLP, http://dblp.uni-trier.de}
}

@article{BL12,
  author    = {Yonatan Bilu and
               Nathan Linial},
  title     = {Are Stable Instances Easy?},
  journal   = {Combinatorics, Probability {\&} Computing},
  volume    = {21},
  number    = {5},
  year      = {2012},
  pages     = {643-660},
  ee        = {http://dx.doi.org/10.1017/S0963548312000193},
  bibsource = {DBLP, http://dblp.uni-trier.de}
}

@inproceedings{BalcanL12,
  author    = {Maria-Florina Balcan and
               Yingyu Liang},
  title     = {Clustering under Perturbation Resilience},
  booktitle = {ICALP (1)},
  year      = {2012},
  pages     = {63-74},
  ee        = {http://dx.doi.org/10.1007/978-3-642-31594-7_6},
  bibsource = {DBLP, http://dblp.uni-trier.de}
}

@article{ABS10,
  author    = {Pranjal Awasthi and
               Avrim Blum and
               Or Sheffet},
  title     = {Center-based clustering under perturbation stability},
  journal   = {Inf. Process. Lett.},
  volume    = {112},
  number    = {1-2},
  year      = {2012},
  pages     = {49-54},
  ee        = {http://dx.doi.org/10.1016/j.ipl.2011.10.006},
  bibsource = {DBLP, http://dblp.uni-trier.de}
}

@inproceedings{Rey11,
  author    = {Lev Reyzin},
  title     = {Data Stability in Clustering: A Closer Look},
  booktitle = {ALT},
  year      = {2012},
  pages     = {184-198},
  ee        = {http://dx.doi.org/10.1007/978-3-642-34106-9_17},
  bibsource = {DBLP, http://dblp.uni-trier.de}
}

@inproceedings{KKTW01,
  author    = {Daniel Kr{\'a}l and
               Jan Kratochv\'{\i}l and
               Zsolt Tuza and
               Gerhard J. Woeginger},
  title     = {Complexity of Coloring Graphs without Forbidden Induced
               Subgraphs},
  booktitle = {WG},
  year      = {2001},
  pages     = {254-262},
  ee        = {http://dx.doi.org/10.1007/3-540-45477-2_23},
  bibsource = {DBLP, http://dblp.uni-trier.de}
}

@article{HMM10,
  author    = {Ch\'{\i}nh T. Ho{\`a}ng and
               Fr{\'e}d{\'e}ric Maffray and
               Meriem Mechebbek},
  title     = {A Characterization of b-Perfect Graphs},
  journal   = {Journal of Graph Theory},
  volume    = {71},
  number    = {1},
  year      = {2012},
  pages     = {95-122},
  ee        = {http://dx.doi.org/10.1002/jgt.20635},
  bibsource = {DBLP, http://dblp.uni-trier.de}
}


@article{Ko03,
  author    = {Daniel Kobler and
               Udi Rotics},
  title     = {Edge dominating set and colorings on graphs with fixed clique-width},
  journal   = {Discrete Applied Mathematics},
  volume    = {126},
  number    = {2-3},
  year      = {2003},
  pages     = {197-221},
  ee        = {http://dx.doi.org/10.1016/S0166-218X(02)00198-1},
  bibsource = {DBLP, http://dblp.uni-trier.de}
}


@article{EBH99,
  author    = {David Eppstein and
               Marshall W. Bern and
               Brad L. Hutchings},
  title     = {Algorithms for Coloring Quadtrees},
  journal   = {Algorithmica},
  volume    = {32},
  number    = {1},
  year      = {2002},
  pages     = {87-94},
  ee        = {http://dx.doi.org/10.1007/s00453-001-0054-2},
  bibsource = {DBLP, http://dblp.uni-trier.de}
}


@article{Cai03,
  author    = {Leizhen Cai},
  title     = {Parameterized Complexity of Vertex Colouring},
  journal   = {Discrete Applied Mathematics},
  volume    = {127},
  number    = {3},
  year      = {2003},
  pages     = {415-429},
  ee        = {http://dx.doi.org/10.1016/S0166-218X(02)00242-1},
  bibsource = {DBLP, http://dblp.uni-trier.de}
}

@inproceedings{MSSW11,
  author    = {Mat{\'u}s Mihal{\'a}k and
               Marcel Sch{\"o}ngens and
               Rastislav Sr{\'a}mek and
               Peter Widmayer},
  title     = {On the Complexity of the Metric TSP under Stability Considerations},
  booktitle = {SOFSEM},
  year      = {2011},
  pages     = {382-393},
  ee        = {http://dx.doi.org/10.1007/978-3-642-18381-2_32},
  bibsource = {DBLP, http://dblp.uni-trier.de}
}

@inproceedings{Karp72,
  author    = {Richard M. Karp},
  title     = {Reducibility Among Combinatorial Problems},
  booktitle = {Complexity of Computer Computations},
  year      = {1972},
  pages     = {85-103},
  ee        = {http://www.cs.berkeley.edu/$\sim$luca/cs172/karp.pdf},
  bibsource = {DBLP, http://dblp.uni-trier.de}
}

@article{DMR06,
  author    = {Irit Dinur and
               Elchanan Mossel and
               Oded Regev},
  title     = {Conditional Hardness for Approximate Coloring},
  journal   = {SIAM J. Comput.},
  volume    = {39},
  number    = {3},
  year      = {2009},
  pages     = {843-873},
  ee        = {http://dx.doi.org/10.1137/07068062X},
  bibsource = {DBLP, http://dblp.uni-trier.de}
}

@inproceedings{KT12,
  author    = {Ken{-}ichi Kawarabayashi and
               Mikkel Thorup},
  title     = {Combinatorial Coloring of 3-Colorable Graphs},
  booktitle = {FOCS},
  year      = {2012},
  pages     = {68-75},
  ee        = {http://doi.ieeecomputersociety.org/10.1109/FOCS.2012.16},
  bibsource = {DBLP, http://dblp.uni-trier.de}
}

@article{Kumar92,
  title={Algorithms for constraint-satisfaction problems: A survey},
  author={Kumar, Vipin},
  journal={AI magazine},
  volume={13},
  number={1},
  pages={32},
  year={1992}
}

@inproceedings{KunPR13,
  author    = {Jeremy Kun and
               Brian Powers and
               Lev Reyzin},
  title     = {Anti-coordination Games and Stable Graph Colorings},
  booktitle = {SAGT},
  year      = {2013},
  pages     = {122-133},
  ee        = {http://dx.doi.org/10.1007/978-3-642-41392-6_11},
  bibsource = {DBLP, http://dblp.uni-trier.de}
}

% MRC

@article{Williams08,
  author    = {Ryan Williams},
  title     = {Time-Space Tradeoffs for Counting {NP} Solutions Modulo Integers},
  journal   = {Computational Complexity},
  year      = {2008},
  volume    = {17},
  number    = {2},
  pages     = {179--219},
  url       = {http://dx.doi.org/10.1007/s00037-008-0248-y},
  doi       = {10.1007/s00037-008-0248-y},
  timestamp = {Sun, 21 Sep 2014 00:42:32 +0200},
  biburl    = {http://dblp.uni-trier.de/rec/bib/journals/cc/Williams08},
  bibsource = {dblp computer science bibliography, http://dblp.org}
}

@article{Fortnow00,
  author    = {Lance Fortnow},
  title     = {Time-Space Tradeoffs for Satisfiability},
  journal   = {J. Comput. Syst. Sci.},
  year      = {2000},
  volume    = {60},
  number    = {2},
  pages     = {337--353},
  url       = {http://dx.doi.org/10.1006/jcss.1999.1671},
  doi       = {10.1006/jcss.1999.1671},
  timestamp = {Sun, 21 Sep 2014 00:45:34 +0200},
  biburl    = {http://dblp.uni-trier.de/rec/bib/journals/jcss/Fortnow00},
  bibsource = {dblp computer science bibliography, http://dblp.org}
}

@book{WagnerW86,
  title={Computational Complexity},
  author={Wagner, K. and Wechsung, G.},
  isbn={9781402003134},
  series={Mathematics and its Applications},
  url={http://books.google.com/books/about/Computational_Complexity.html?id=KLF7LMzr3moC},
  year={1986},
  publisher={Springer}
}

@article{LokshtanovMS11,
  author    = {Daniel Lokshtanov and
               D{\'{a}}niel Marx and
               Saket Saurabh},
  title     = {Lower bounds based on the Exponential Time Hypothesis},
  journal   = {Bulletin of the {EATCS}},
  year      = {2011},
  volume    = {105},
  pages     = {41--72},
  url       = {http://albcom.lsi.upc.edu/ojs/index.php/beatcs/article/view/96},
  timestamp = {Sat, 20 Sep 2014 21:27:25 +0200},
  biburl    = {http://dblp.uni-trier.de/rec/bib/journals/eatcs/LokshtanovMS11},
  bibsource = {dblp computer science bibliography, http://dblp.org}
}

@article{ImpagliazzoPZ01,
  author    = {Russell Impagliazzo and
               Ramamohan Paturi and
               Francis Zane},
  title     = {Which Problems Have Strongly Exponential Complexity?},
  journal   = {J. Comput. Syst. Sci.},
  year      = {2001},
  volume    = {63},
  number    = {4},
  pages     = {512--530},
  url       = {http://dx.doi.org/10.1006/jcss.2001.1774},
  doi       = {10.1006/jcss.2001.1774},
  timestamp = {Sat, 20 Sep 2014 21:26:34 +0200},
  biburl    = {http://dblp.uni-trier.de/rec/bib/journals/jcss/ImpagliazzoPZ01},
  bibsource = {dblp computer science bibliography, http://dblp.org}
}

@article{ImpagliazzoP99,
author = {Russell Impagliazzo and Ramamohan Paturi},
title = {The Complexity of k-SAT},
journal ={2012 IEEE 27th Conference on Computational Complexity},
volume = {0},
issn = {1093-0159},
year = {1999},
pages = {237},
doi = {http://doi.ieeecomputersociety.org/10.1109/CCC.1999.766282},
publisher = {IEEE Computer Society},
address = {Los Alamitos, CA, USA},
}

@article{DeanG08,
  author    = {Jeffrey Dean and
               Sanjay Ghemawat},
  title     = {MapReduce: simplified data processing on large clusters},
  journal   = {Commun. ACM},
  volume    = {51},
  number    = {1},
  year      = {2008},
  pages     = {107-113},
  ee        = {http://doi.acm.org/10.1145/1327452.1327492},
  bibsource = {DBLP, http://dblp.uni-trier.de}
}


@inproceedings{ShvachkoKRC10,
  added-at = {2013-01-15T00:00:00.000+0100},
  author = {Shvachko, Konstantin and Kuang, Hairong and Radia, Sanjay and Chansler, Robert},
  biburl = {http://www.bibsonomy.org/bibtex/2fdf533865d2bafadcdddca4d1f4c5fab/dblp},
  booktitle = {MSST},
  editor = {Khatib, Mohammed G. and He, Xubin and Factor, Michael},
  ee = {http://doi.ieeecomputersociety.org/10.1109/MSST.2010.5496972},
  interhash = {60362a14af3385008e21425ea011d79e},
  intrahash = {fdf533865d2bafadcdddca4d1f4c5fab},
  isbn = {978-1-4244-7153-9},
  keywords = {dblp},
  pages = {1-10},
  publisher = {IEEE Computer Society},
  timestamp = {2013-01-15T00:00:00.000+0100},
  title = {The Hadoop Distributed File System.},
  year = 2010
}

@article{Shepherdson59,
 author = {Shepherdson, J. C.},
 title = {The Reduction of Two-way Automata to One-way Automata},
 journal = {IBM J. Res. Dev.},
 issue_date = {April 1959},
 volume = {3},
 number = {2},
 month = apr,
 year = {1959},
 issn = {0018-8646},
 pages = {198--200},
 numpages = {3},
 url = {http://dx.doi.org/10.1147/rd.32.0198},
 doi = {10.1147/rd.32.0198},
 acmid = {1661922},
 publisher = {IBM Corp.},
 address = {Riverton, NJ, USA},
}

@inproceedings{Karloff10,
 author = {Karloff, Howard and Suri, Siddharth and Vassilvitskii, Sergei},
 title = {A Model of Computation for MapReduce},
 booktitle = {SODA '10},
 year = {2010},
 isbn = {978-0-898716-98-6},
 location = {Austin, Texas},
 pages = {938--948},
 numpages = {11},
 url = {http://dl.acm.org/citation.cfm?id=1873601.1873677},
 acmid = {1873677},
 publisher = {Society for Industrial and Applied Mathematics},
 address = {Philadelphia, PA, USA},
}

@inproceedings{KMVV13,
 author = {Kumar, Ravi and Moseley, Benjamin and Vassilvitskii, Sergei and Vattani, Andrea},
 title = {Fast Greedy Algorithms in Mapreduce and Streaming},
 booktitle = {SPAA '13},
 year = {2013},
 isbn = {978-1-4503-1572-2},
 location = {Montr\&\#233;al, Qu\&\#233;bec, Canada},
 pages = {1--10},
 numpages = {10},
 url = {http://doi.acm.org/10.1145/2486159.2486168},
 doi = {10.1145/2486159.2486168},
 acmid = {2486168},
 publisher = {ACM},
 address = {New York, NY, USA},
 keywords = {algorithm analysis, approximation algorithms, distributed computing, greedy algorithms, map-reduce, submodular function},
}

@inproceedings{FEGK13,
  author    = {Ahmed K. Farahat and
               Ahmed Elgohary and
               Ali Ghodsi and
               Mohamed S. Kamel},
  title     = {Distributed Column Subset Selection on MapReduce},
  booktitle = {ICDM},
  year      = {2013},
  pages     = {171-180},
  ee        = {http://dx.doi.org/10.1109/ICDM.2013.155},
  bibsource = {DBLP, http://dblp.uni-trier.de}
}


@inproceedings{KR13,
  author    = {Seny Kamara and
               Mariana Raykova},
  title     = {Parallel Homomorphic Encryption},
  booktitle = {Financial Cryptography Workshops},
  year      = {2013},
  pages     = {213-225},
  ee        = {http://dx.doi.org/10.1007/978-3-642-41320-9_15},
  bibsource = {DBLP, http://dblp.uni-trier.de}
}

@inproceedings{ZCFSS10,
 author = {Zaharia, Matei and Chowdhury, Mosharaf and Franklin, Michael J. and Shenker, Scott and Stoica, Ion},
 title = {Spark: Cluster Computing with Working Sets},
 booktitle = {Proceedings of the 2Nd USENIX Conference on Hot Topics in Cloud Computing},
 series = {HotCloud'10},
 year = {2010},
 location = {Boston, MA},
 pages = {10--10},
 numpages = {1},
 url = {http://dl.acm.org/citation.cfm?id=1863103.1863113},
 acmid = {1863113},
 publisher = {USENIX Association},
 address = {Berkeley, CA, USA},
}

@inproceedings{ChuKLYBNO06,
  author    = {Cheng-Tao Chu and
               Sang Kyun Kim and
               Yi-An Lin and
               YuanYuan Yu and
               Gary R. Bradski and
               Andrew Y. Ng and
               Kunle Olukotun},
  title     = {Map-Reduce for Machine Learning on Multicore},
  booktitle = {NIPS},
  year      = {2006},
  pages     = {281-288},
  ee        = {http://books.nips.cc/papers/files/nips19/NIPS2006_0725.pdf},
  bibsource = {DBLP, http://dblp.uni-trier.de}
}

@book{szepietowski1994turing,
  title={Turing Machines with Sublogarithmic Space},
  author={Szepietowski, A.},
  isbn={9783540583554},
  lccn={lc94030238},
  series={Ernst Schering Research Foundation Workshops},
  url={http://books.google.com/books?id=vNPuNOo9BUYC},
  year={1994},
  publisher={Springer}
}

@article{Valiant90,
  author    = {Leslie G. Valiant},
  title     = {A Bridging Model for Parallel Computation},
  journal   = {Commun. ACM},
  volume    = {33},
  number    = {8},
  year      = {1990},
  pages     = {103-111},
  ee        = {http://doi.acm.org/10.1145/79173.79181},
  bibsource = {DBLP, http://dblp.uni-trier.de}
}

@inproceedings{AndoniNOY14,
  author    = {Alexandr Andoni and
               Aleksandar Nikolov and
               Krzysztof Onak and
               Grigory Yaroslavtsev},
  title     = {Parallel algorithms for geometric graph problems},
  booktitle = {STOC},
  year      = {2014},
  pages     = {574-583},
  ee        = {http://doi.acm.org/10.1145/2591796.2591805},
  bibsource = {DBLP, http://dblp.uni-trier.de}
}

@article{FeldmanMSSS10,
  author    = {Jon Feldman and
               S. Muthukrishnan and
               Anastasios Sidiropoulos and
               Clifford Stein and
               Zoya Svitkina},
  title     = {On distributing symmetric streaming computations},
  journal   = {ACM Transactions on Algorithms},
  volume    = {6},
  number    = {4},
  year      = {2010},
  ee        = {http://doi.acm.org/10.1145/1824777.1824786},
  bibsource = {DBLP, http://dblp.uni-trier.de}
}

@inproceedings{GoodrichSZ11,
  author    = {Michael T. Goodrich and
               Nodari Sitchinava and
               Qin Zhang},
  title     = {Sorting, Searching, and Simulation in the MapReduce Framework},
  booktitle = {ISAAC},
  year      = {2011},
  pages     = {374-383},
  ee        = {http://dx.doi.org/10.1007/978-3-642-25591-5_39},
  bibsource = {DBLP, http://dblp.uni-trier.de}
}

@inproceedings{BeameKS13,
  author    = {Paul Beame and
               Paraschos Koutris and
               Dan Suciu},
  title     = {Communication steps for parallel query processing},
  booktitle = {PODS},
  year      = {2013},
  pages     = {273-284},
  ee        = {http://doi.acm.org/10.1145/2463664.2465224},
  bibsource = {DBLP, http://dblp.uni-trier.de}
}

@inproceedings{Sarma13,
 author = {Sarma, Anish Das and Afrati, Foto N. and Salihoglu, Semih and Ullman, Jeffrey D.},
 title = {Upper and lower bounds on the cost of a map-reduce computation},
 booktitle = {PVLDB'13},
 year = {2013},
 location = {Trento, Italy},
 pages = {277--288},
 numpages = {12},
 url = {http://dl.acm.org/citation.cfm?id=2488329.2488334},
 acmid = {2488334},
 publisher = {VLDB Endowment}
}

@inproceedings{Pace12,
  author    = {Matthew Felice Pace},
  title     = {{BSP} vs MapReduce},
  booktitle = {Proceedings of the International Conference on Computational Science,
               {ICCS} 2012, Omaha, Nebraska, USA, 4-6 June, 2012},
  pages     = {246--255},
  year      = {2012},
  url       = {http://dx.doi.org/10.1016/j.procs.2012.04.026},
  doi       = {10.1016/j.procs.2012.04.026},
  timestamp = {Wed, 05 Jun 2013 20:51:35 +0200},
  biburl    = {http://dblp.uni-trier.de/rec/bib/journals/procedia/Pace12},
  bibsource = {dblp computer science bibliography, http://dblp.org}
}
